@inproceedings{Michael2019,
  doi = {10.1109/ase.2019.00047},
  url = {https://doi.org/10.1109/ase.2019.00047},
  year = {2019},
  month = nov,
  publisher = {{IEEE}},
  author = {Louis G. Michael and James Donohue and James C. Davis and Dongyoon Lee and Francisco Servant},
  title = {Regexes are Hard: Decision-Making,  Difficulties,  and Risks in Programming Regular Expressions},
  booktitle = {2019 34th {IEEE}/{ACM} International Conference on Automated Software Engineering ({ASE})}
}
@inproceedings{Chapman2017,
  doi = {10.1109/ase.2017.8115653},
  url = {https://doi.org/10.1109/ase.2017.8115653},
  year = {2017},
  month = oct,
  publisher = {{IEEE}},
  author = {Carl Chapman and Peipei Wang and Kathryn T. Stolee},
  title = {Exploring regular expression comprehension},
  booktitle = {2017 32nd {IEEE}/{ACM} International Conference on Automated Software Engineering ({ASE})}
}
@inproceedings{Chapman2016,
  doi = {10.1145/2931037.2931073},
  url = {https://doi.org/10.1145/2931037.2931073},
  year = {2016},
  month = jul,
  publisher = {{ACM}},
  author = {Carl Chapman and Kathryn T. Stolee},
  title = {Exploring regular expression usage and context in Python},
  booktitle = {Proceedings of the 25th International Symposium on Software Testing and Analysis}
}
